<record><leader>00000cas a22000007a 4500</leader><controlfield tag="001">11731266</controlfield><controlfield tag="008">850225d19041905utuwr ne      0    0eng d</controlfield><datafield ind1=" " ind2=" " tag="010"><subfield code="a">sn 85058019 </subfield></datafield><datafield ind1=" " ind2=" " tag="040"><subfield code="a">UNP</subfield><subfield code="b">eng</subfield><subfield code="c">UNP</subfield><subfield code="d">UBY</subfield><subfield code="d">OCLCQ</subfield><subfield code="d">OCLCF</subfield><subfield code="d">OCLCO</subfield></datafield><datafield ind1=" " ind2=" " tag="042"><subfield code="a">msc</subfield></datafield><datafield ind1=" " ind2=" " tag="043"><subfield code="a">n-us-ut</subfield></datafield><datafield ind1=" " ind2="4" tag="050"><subfield code="a">AN2.U8</subfield><subfield code="b">U82</subfield></datafield><datafield ind1="0" ind2="4" tag="245"><subfield code="a">The Utah pioneer.</subfield></datafield><datafield ind1=" " ind2=" " tag="260"><subfield code="a">Salt Lake City, Utah :</subfield><subfield code="b">S.A. Kenner</subfield></datafield><datafield ind1=" " ind2=" " tag="300"><subfield code="a">v.</subfield></datafield><datafield ind1=" " ind2=" " tag="310"><subfield code="a">Weekly</subfield></datafield><datafield ind1="1" ind2=" " tag="362"><subfield code="a">Began in 1904; ceased in 1905.</subfield></datafield><datafield ind1=" " ind2=" " tag="580"><subfield code="a">Continues: Great campaign . Cf. Utah pioneer, Nov. 16, 1904 issue.</subfield></datafield><datafield ind1=" " ind2=" " tag="588"><subfield code="a">Description based on: Vol. 9, no. 23 (Nov. 16, 1904).</subfield></datafield><datafield ind1=" " ind2="0" tag="651"><subfield code="a">Salt Lake City (Utah)</subfield><subfield code="v">Newspapers.</subfield></datafield><datafield ind1=" " ind2="7" tag="655"><subfield code="a">Newspapers.</subfield><subfield code="2">fast</subfield><subfield code="0">(OCoLC)fst01423814</subfield></datafield><datafield ind1=" " ind2="7" tag="651"><subfield code="a">Utah</subfield><subfield code="z">Salt Lake City.</subfield><subfield code="2">fast</subfield><subfield code="0">(OCoLC)fst01205314</subfield></datafield><datafield ind1=" " ind2=" " tag="752"><subfield code="a">United States</subfield><subfield code="b">Utah</subfield><subfield code="c">Salt Lake</subfield><subfield code="d">Salt Lake City.</subfield></datafield><datafield ind1="1" ind2="0" tag="780"><subfield code="t">Great campaign</subfield><subfield code="w">(DLC)sn 86091457</subfield><subfield code="w">(OCoLC)13505542</subfield></datafield><datafield ind1="0" ind2="0" tag="785"><subfield code="t">Alta independent</subfield><subfield code="w">(DLC)sn 85058021</subfield><subfield code="w">(OCoLC)11731221</subfield></datafield></record>